@book{flach2012machine,
  title={Machine learning: the art and science of algorithms that make sense of data},
  author={Flach, Peter},
  year={2012},
  publisher={Cambridge University Press}
}

@article{freund1997decision,
  title={A decision-theoretic generalization of on-line learning and an application to boosting},
  author={Freund, Yoav and Schapire, Robert E},
  journal={Journal of computer and system sciences},
  volume={55},
  number={1},
  pages={119--139},
  year={1997},
  publisher={Elsevier}
}

@article{breiman2001random,
  title={Random forests},
  author={Breiman, Leo},
  journal={Machine learning},
  volume={45},
  number={1},
  pages={5--32},
  year={2001},
  publisher={Springer}
}

@article{wilcoxon1945individual,
  title={Individual comparisons by ranking methods},
  author={Wilcoxon, Frank},
  journal={Biometrics bulletin},
  pages={80--83},
  year={1945},
  publisher={JSTOR}
}

@article{scikit-learn,
 title={Scikit-learn: Machine Learning in {P}ython},
 author={Pedregosa, F. and Varoquaux, G. and Gramfort, A. and Michel, V.
         and Thirion, B. and Grisel, O. and Blondel, M. and Prettenhofer, P.
         and Weiss, R. and Dubourg, V. and Vanderplas, J. and Passos, A. and
         Cournapeau, D. and Brucher, M. and Perrot, M. and Duchesnay, E.},
 journal={Journal of Machine Learning Research},
 volume={12},
 pages={2825--2830},
 year={2011}
}

@article{santosh2013author,
  title={Author profiling: Predicting age and gender from blogs},
  author={Santosh, K and Bansal, Romil and Shekhar, Mihir and Varma, Vasudeva},
  journal={Notebook Papers of CLEF},
  year={2013}
}

@article{meina2013ensemble,
  title={Ensemble-based classification for author profiling using various features},
  author={Meina, Micha{\l} and Brodzinska, Karolina and Celmer, Bartosz and Czok{\'o}w, Maja and Patera, Martyna and Pezacki, Jakub and Wilk, Mateusz},
  journal={Notebook Papers of CLEF},
  year={2013}
}

@inproceedings{lopez2013inaoe,
  title={INAOE’s participation at PAN’13: Author profiling task},
  author={Lopez-Monroy, Adrian Pastor and Gomez, Manuel Montes-y and Escalante, Hugo Jair and Villasenor-Pineda, Luis and Villatoro-Tello, Esa{\'u}},
  booktitle={CLEF 2013 Evaluation Labs and Workshop},
  year={2013}
}

@inproceedings{schler2006effects,
  title={Effects of Age and Gender on Blogging.},
  author={Schler, Jonathan and Koppel, Moshe and Argamon, Shlomo and Pennebaker, James W},
  booktitle={AAAI Spring Symposium: Computational Approaches to Analyzing Weblogs},
  volume={6},
  pages={199--205},
  year={2006}
}

@inproceedings{rangel2015overview,
  title={Overview of the 3rd author profiling task at pan 2015},
  author={Rangel, Francisco and Rosso, P and Potthast, M and Stein, B and Daelemans, W},
  booktitle={CLEF},
  year={2015}
}

@inproceedings{rangel2014overview,
  title={Overview of the 2nd Author Profiling Task at PAN 2014},
  author={Rangel, Francisco and Rosso, Paolo and Chugur, Irina and Potthast, Martin and Trenkmann, Martin and Stein, Benno and Verhoeven, Ben and Daelemans, Walter},
  booktitle={Proceedings of the Conference and Labs of the Evaluation Forum (Working Notes)},
  year={2014}
}

@inproceedings{rangel2013overview,
  title={Overview of the author profiling task at PAN 2013},
  author={Rangel, Francisco and Rosso, Paolo and Moshe Koppel, Moshe and Stamatatos, Efstathios and Inches, Giacomo},
  booktitle={CLEF Conference on Multilingual and Multimodal Information Access Evaluation},
  pages={352--365},
  year={2013},
  organization={CELCT}
}

@article{argamon2009automatically,
  title={Automatically profiling the author of an anonymous text},
  author={Argamon, Shlomo and Koppel, Moshe and Pennebaker, James W and Schler, Jonathan},
  journal={Communications of the ACM},
  volume={52},
  number={2},
  pages={119--123},
  year={2009},
  publisher={ACM}
}

@article{cortes1995support,
  title={Support-vector networks},
  author={Cortes, Corinna and Vapnik, Vladimir},
  journal={Machine learning},
  volume={20},
  number={3},
  pages={273--297},
  year={1995},
  publisher={Springer}
}

@inproceedings{schmid1994probabilistic,
  title={Probabilistic part-of-speech tagging using decision trees},
  author={Schmid, Helmut},
  booktitle={Proceedings of the international conference on new methods in language processing},
  volume={12},
  pages={44--49},
  year={1994},
  organization={Citeseer}
}

@book{BirdKleinLoper09,
  author = {Steven Bird and Ewan Klein and Edward Loper},
  title = {{Natural Language Processing with Python}},
  publisher = {O'Reilly Media},
  year = 2009
}

%%% Author Identification Task 2015
@INPROCEEDINGS{stamatatos:2015,
        AUTHOR             = {Efstathios Stamatatos and Walter Daelemans and Ben Verhoeven and Patrick Juola and Aurelio {Lopez Lopez} and Martin Potthast and Benno Stein},
        BOOKTITLE          = {Working Notes Papers of the CLEF 2015 Evaluation Labs},
        ISBN               = {},
        ISSN               = {1613-0073},
        MONTH              = sep,
        PUBLISHER          = {CLEF and CEUR-WS.org},
        SERIES             = {CEUR Workshop Proceedings},
        TITLE              = {{Overview of the Author Identification Task at PAN 2015}},
        URL                = {http://www.clef-initiative.eu/publication/working-notes},
        YEAR               = {2015}
}

%%% Author Profiling Task 2015
@INPROCEEDINGS{rangel:2015,
        AUTHOR             = {Francisco Rangel and Paolo Rosso and Martin Potthast and Benno Stein and Walter Daelemans},
        BOOKTITLE          = {CLEF 2015 Labs and Workshops, Notebook Papers},
        EDITOR				= {Cappellato, L and Ferro, N and Gareth, J and San Juan, E},
        ISBN               = {},
        ISSN               = {1613-0073},
        TITLE              = {{Overview of the 3rd Author Profiling Task at PAN 2015}},
        PUBLISHER          = {CEUR-WS.org},
        YEAR               = {2015}
}
%        URL                = {http://www.clef-initiative.eu/publication/working-notes},
%        PUBLISHER          = {CLEF and CEUR-WS.org},
%        SERIES             = {CEUR Workshop Proceedings},


%@INPROCEEDINGS{rangel:2015,
%        AUTHOR             = {Francisco Rangel and Paolo Rosso and Martin Potthast and Benno Stein and Walter Daelemans},
%        BOOKTITLE          = {Working Notes Papers of the CLEF 2015 Evaluation Labs},
%        ISBN               = {},
%        ISSN               = {1613-0073},
%        MONTH              = sep,
%        PUBLISHER          = {CLEF and CEUR-WS.org},
%        SERIES             = {CEUR Workshop Proceedings},
%        TITLE              = {{Overview of the 3rd Author Profiling Task at PAN 2015}},
%        URL                = {http://www.clef-initiative.eu/publication/working-notes},
%        YEAR               = {2015}
%}

%@INPROCEEDINGS{rangel:2015,
%        AUTHOR             = {Francisco Rangel and Paolo Rosso and Martin Potthast and Benno Stein and Walter Daelemans},
%        BOOKTITLE          = {CLEF 2015 Labs and Workshops, Notbeook Papers},
%        ISBN               = {},
%        ISSN               = {1613-0073},
%        MONTH              = sep,
%        PUBLISHER          = {CLEF and CEUR-WS.org},
%        SERIES             = {CEUR Workshop Proceedings},
%        TITLE              = {{Overview of the 3rd Author Profiling Task at PAN 2015}},
%        URL                = {http://www.ceur-ws.org},
%        YEAR               = {2015},
%
%}

%        VOLUME				= {1391},
%        editor				= {Cappellato, L and Ferro, N and Gareth, J and San Juan, E}

%@proceedings{rangel:2015,
%  booktitle = {Working Notes Papers of the CLEF 2015 Evaluation Labs},
%  year = {2015},
%  editor= {Cappellato, L and Ferro, N and Gareth, J and San Juan, E},
%  issn = {1613-0073},
%  url = {http://ceur-ws.org/},
%  volume={1391},
%  title = {Overview of the 3nd Author Profiling Task at PAN 2015}
%}


%@inproceedings{rangel2015overview,
%  title={Overview of the 3nd Author Profiling Task at PAN 2015},
%  author={Rangel, Francisco and Rosso, Paolo and Potthast, Martin and Stein, Benno and Daelemans, Walter},
%  booktitle={CLEF 2015 Labs and Workshops, Notebook Papers},
%  editor= {Cappellato, L and Ferro, N and Gareth, J and San Juan, E},  
%  url={CEUR-WS.org},
%  volume={1391},
%  year={2015},
%  
%}





%%% Plagiarism Detection Task 2015
@INPROCEEDINGS{potthast:2015,
        AUTHOR             = {Martin Potthast and Matthias Hagen and Steve G{\"o}ring and Paolo Rosso and Benno Stein},
        BOOKTITLE          = {Working Notes Papers of the CLEF 2015 Evaluation Labs},
        ISBN               = {},
        ISSN               = {1613-0073},
        MONTH              = sep,
        PUBLISHER          = {CLEF and CEUR-WS.org},
        SERIES             = {CEUR Workshop Proceedings},
        TITLE              = {{Overview of the 7th International Competition on Plagiarism Detection}},
        URL                = {http://www.clef-initiative.eu/publication/working-notes},
        YEAR               = {2015}
}

%%% TIRA
@INPROCEEDINGS{gollub:2012,
        AUTHOR             = {Tim Gollub and Benno Stein and Steven Burrows},
        BOOKTITLE          = {35th International ACM Conference on Research and Development in Information Retrieval (SIGIR 12)},
        DOI                = {http://dx.doi.org/10.1145/2348283.2348501},
        EDITOR             = {Bill Hersh and Jamie Callan and Yoelle Maarek and Mark Sanderson},
        ISBN               = {978-1-4503-1472-5},
        MONTH              = aug,
        PAGES              = {1125-1126},
        PUBLISHER          = {ACM},
        SITE               = {Portland, Oregon},
        TITLE              = {{Ousting Ivory Tower Research: Towards a Web Framework for Providing Experiments as a Service}},
        YEAR               = {2012}
}

@article{koppel2002automatically,
  title={Automatically categorizing written texts by author gender},
  author={Koppel, Moshe and Argamon, Shlomo and Shimoni, Anat Rachel},
  journal={Literary and Linguistic Computing},
  volume={17},
  number={4},
  pages={401--412},
  year={2002},
  publisher={ALLC}
}

@inproceedings{schler2006effects,
  title={Effects of Age and Gender on Blogging.},
  author={Schler, Jonathan and Koppel, Moshe and Argamon, Shlomo and Pennebaker, James W},
  booktitle={AAAI Spring Symposium: Computational Approaches to Analyzing Weblogs},
  volume={6},
  pages={199--205},
  year={2006}
}

@article{lopezusing,
  title={Using Intra-Profile Information for Author Profiling},
  author={L{\'o}pez-Monroy, A Pastor and Montes-y-G{\'o}mez, Manuel and Escalante, Hugo Jair and Villase{\~n}or-Pineda, Luis}
}

@article{maharjansimple,
  title={A Simple Approach to Author Profiling in MapReduce},
  author={Maharjan, Suraj and Shrestha, Prasha and Solorio, Thamar}
}

@article{weren6exploring,
  title={Exploring Information Retrieval features for Author Profiling—Notebook for PAN at CLEF 2014},
  author={Weren, Edson RD and Moreira, Viviane P and de Oliveira, Jos{\'e} PM},
  journal={Cappellato et al.[6]}
}

@article{villenadaedalus,
  title={DAEDALUS at PAN 2014: Guessing Tweet Author's Gender and Age},
  author={Villena-Rom{\'a}n, Julio and Gonz{\'a}lez-Crist{\'o}bal, Jos{\'e} Carlos}
}

@article{marquardt2014age,
  title={Age and gender identification in social media},
  author={Marquardt, James and Farnadi, Golnoosh and Vasudevan, Gayathri and Moens, Marie-Francine and Davalos, Sergio and Teredesai, Ankur and De Cock, Martine},
  journal={Proceedings of CLEF 2014 Evaluation Labs},
  year={2014}
}

@article{castillounsupervised,
  title={Unsupervised method for the authorship identification task},
  author={Castillo, Esteban and Cervantes, Ofelia and Vilari{\~n}o, Darnes and Pinto, David and Le{\'o}n, Saul}
}

@article{giladensemble,
  title={Ensemble Learning Approach for Author Profiling},
  author={Gilad Gressel, Hrudya P and Surendran, K and Thara, S and Aravind, A}
}

@inproceedings{schmid1994probabilistic,
  title={Probabilistic part-of-speech tagging using decision trees},
  author={Schmid, Helmut},
  booktitle={Proceedings of the international conference on new methods in language processing},
  volume={12},
  pages={44--49},
  year={1994},
  organization={Citeseer}
}

@inproceedings{rangel2015overview,
  title={Overview of the 3nd Author Profiling Task at PAN 2015},
  author={Rangel, Francisco and Rosso, Paolo and Potthast, Martin and Stein, Benno and Daelemans, Walter},
  booktitle={CLEF 2015 Labs and Workshops, Notebook Papers},
  editor= {Cappellato, L and Ferro, N and Gareth, J and San Juan, E},  
  url={CEUR-WS.org},
  volume={1391},
  year={2015},
  
}

